# References 
   
@misc{ksvm,
author = {},
title = {ksvm function - R Documentation --- rdocumentation.org},
howpublished = {\url{https://www.rdocumentation.org/packages/kernlab/versions/0.9-33/topics/ksvm}},
year = {},
note = {[Accessed 28-08-2024]},
}

@Book{ggplot2,
 author = {Hadley Wickham},
 title = {ggplot2: Elegant Graphics for Data Analysis},
 publisher = {Springer-Verlag New York},
 year = {2016},
 isbn = {978-3-319-24277-4},
 url = {https://ggplot2.tidyverse.org},
}

@book{gareth2013,
  title={An introduction to statistical learning: with applications in R},
  author={Gareth, James and Daniela, Witten and Trevor, Hastie and Robert, Tibshirani},
  year={2013},
  publisher={Spinger}
}

@article{arlot2010survey,
  title={A survey of cross-validation procedures for model selection},
  author={Arlot, Sylvain and Celisse, Alain},
  year={2010}
}

@misc{wikibookskmeans,
   author = "Wikibooks",
   title = "Data Mining Algorithms in R/Clustering/K-Means",
   year = "2024",
   howpublished = {\url{http://en.wikipedia.org/w/index.php?title=K-means\%20clustering&oldid=1243054475}},
 }

@article{chu2020route,
  title={Route identification in the national football league: An application of model-based curve clustering using the em algorithm},
  author={Chu, Dani and Reyers, Matthew and Thomson, James and Wu, Lucas Yifan},
  journal={Journal of Quantitative Analysis in Sports},
  volume={16},
  number={2},
  pages={121--132},
  year={2020},
  publisher={De Gruyter}
}

@misc{irisdatabase,
  author       = {Fisher,R. A.},
  title        = {{Iris}},
  year         = {1988},
  howpublished = {UCI Machine Learning Repository},
  note         = {{DOI}: https://doi.org/10.24432/C56C76}
}