# References 

# Books ------------------------------------------------------------------------
@book{gareth2013,
  title={An introduction to statistical learning: with applications in R},
  author={Gareth, James and Daniela, Witten and Trevor, Hastie and Robert, Tibshirani},
  year={2013},
  publisher={Spinger}
}

@book{okoye2024r,
  title={R Programming: Statistical Data Analysis in Research},
  author={Okoye, Kingsley and Hosseini, Samira},
  year={2024},
  publisher={Springer Nature}
}

# Journal Papers ---------------------------------------------------------------

@article{breiman2001random,
  title={Random forests},
  author={Breiman, Leo},
  journal={Machine learning},
  volume={45},
  pages={5--32},
  year={2001},
  publisher={Springer}
}

# Packages ---------------------------------------------------------------------

@Book{ggplot2,
 author = {Hadley Wickham},
 title = {ggplot2: Elegant Graphics for Data Analysis},
 publisher = {Springer-Verlag New York},
 year = {2016},
 isbn = {978-3-319-24277-4},
 url = {https://ggplot2.tidyverse.org},
}

@Manual{nflfastR,
  title = {nflfastR: Functions to Efficiently Access NFL Play by Play Data},
  author = {Sebastian Carl and Ben Baldwin},
  year = {2024},
  note = {R package version 4.6.1.9017,
    https://github.com/nflverse/nflfastR},
  url = {https://www.nflfastr.com/},
}

# Websites ---------------------------------------------------------------------

@misc{ryan2020exploring,
  author = {Ryan, Austin},
  title = {Open Source Football: Exploring Wins with nflfastR},
  url = {https://www.opensourcefootball.com/posts/2020-08-23-exploring-wins-with-nflfastr/},
  year = {2020}
}

# Data Sets --------------------------------------------------------------------

@misc{uscrime,
  author = "OzDASL - Australasian Data and Story Library",
  title = "Effect of Punishment Regimes on Crime Rates",
  year = "2024",
  howpublished = {\url{http://www.statsci.org/data/general/uscrime.html}},
}

@misc{germancredit,
  author = "UCI Machine Learning Repository",
  title = "Statlog (German Credit Data)",
  year = "1994",
  howpublished = {\url{https://archive.ics.uci.edu/dataset/144/statlog+german+credit+data}},
}

# Functions --------------------------------------------------------------------

@misc{lmFunction,
author = {},
title = {lm: Fitting Linear Models - R Documentation --- rdocumentation.org},
howpublished = {\url{https://www.rdocumentation.org/packages/stats/versions/3.6.2/topics/lm}},
year = {},
note = {},
}

@misc{glmFunction,
author = {},
title = {glm: Fitting Generalized Linear Models - R Documentation --- rdocumentation.org},
howpublished = {\url{https://www.rdocumentation.org/packages/stats/versions/3.6.2/topics/glm}},
year = {},
note = {},
}

@misc{predictFunction,
author = {},
title = {predict: Model Predictions - R Documentation --- rdocumentation.org},
howpublished = {\url{https://www.rdocumentation.org/packages/stats/versions/3.6.2/topics/predict}},
year = {},
note = {},
}

@misc{prcompFunction,
author = {},
title = {prcomp: Principal Components Analysis - R Documentation --- rdocumentation.org},
howpublished = {\url{https://www.rdocumentation.org/packages/stats/versions/3.6.2/topics/prcomp}},
year = {},
note = {},
}

@misc{treeFunction,
author = {},
title = {tree: Fit a Classification or Regression Tree - R Documentation --- rdocumentation.org},
howpublished = {\url{https://www.rdocumentation.org/packages/tree/versions/1.0-43/topics/tree}},
year = {},
note = {},
}

@misc{rpartFunction,
author = {},
title = {rpart: Recursive Partitioning and Regression Trees - R Documentation --- rdocumentation.org},
howpublished = {\url{https://www.rdocumentation.org/packages/rpart/versions/4.1.23/topics/rpart}},
year = {},
note = {},
}

@misc{rpartplotFunction,
author = {},
title = {rpart.plot: Plot an rpart model. A simplified interface to the prp function - R Documentation --- rdocumentation.org},
howpublished = {\url{https://www.rdocumentation.org/packages/rpart.plot/versions/3.1.2/topics/rpart.plot}},
year = {},
note = {},
}

@misc{randomForestFunction,
author = {},
title = {randomForest: Classification and Regression with Random Forest - R Documentation --- rdocumentation.org},
howpublished = {\url{https://www.rdocumentation.org/packages/randomForest/versions/4.7-1.2/topics/randomForest}},
year = {},
note = {},
}

@misc{varImpPlotFunction,
author = {},
title = {varImpPlot: Variable Importance Plot - R Documentation --- rdocumentation.org},
howpublished = {\url{https://www.rdocumentation.org/packages/randomForest/versions/4.7-1.1/topics/varImpPlot}},
year = {},
note = {},
}

@misc{familyFunction,
author = {},
title = {family: Family Objects for Models - R Documentation --- rdocumentation.org},
howpublished = {\url{https://www.rdocumentation.org/packages/stats/versions/3.6.2/topics/family}},
year = {},
note = {},
}

@misc{glmnetFunction,
author = {},
title = {glmnet: fit a GLM with lasso or elasticnet regularization - R Documentation --- rdocumentation.org},
howpublished = {\url{https://www.rdocumentation.org/packages/stats/versions/3.6.2/topics/family}},
year = {},
note = {},
}



