# References 
   
@misc{ksvm,
author = {},
title = {ksvm function - R Documentation --- rdocumentation.org},
howpublished = {\url{https://www.rdocumentation.org/packages/kernlab/versions/0.9-33/topics/ksvm}},
year = {},
note = {[Accessed 28-08-2024]},
}

@Book{ggplot2,
 author = {Hadley Wickham},
 title = {ggplot2: Elegant Graphics for Data Analysis},
 publisher = {Springer-Verlag New York},
 year = {2016},
 isbn = {978-3-319-24277-4},
 url = {https://ggplot2.tidyverse.org},
}

@book{gareth2013,
  title={An introduction to statistical learning: with applications in R},
  author={Gareth, James and Daniela, Witten and Trevor, Hastie and Robert, Tibshirani},
  year={2013},
  publisher={Spinger}
}

@article{joash2020predicting,
  title={Predicting plays in the national football league},
  author={Joash Fernandes, Craig and Yakubov, Ronen and Li, Yuze and Prasad, Amrit Kumar and Chan, Timothy CY},
  journal={Journal of Sports Analytics},
  volume={6},
  number={1},
  pages={35--43},
  year={2020},
  publisher={IOS Press}
}